% Encoding: UTF-8

@Article{Soler2002,
  author    = {Jos{\'{e}} M Soler and Emilio Artacho and Julian D Gale and Alberto Garc{\'{\i}}a and Javier Junquera and Pablo Ordej{\'{o}}n and Daniel S{\'{a}}nchez-Portal},
  title     = {The {SIESTA} method forab initioorder-Nmaterials simulation},
  journal   = {Journal of Physics: Condensed Matter},
  year      = {2002},
  volume    = {14},
  number    = {11},
  pages     = {2745--2779},
  month     = {mar},
  doi       = {10.1088/0953-8984/14/11/302},
  publisher = {{IOP} Publishing},
}


@Article{scikit-image,
  author   = {van der Walt, {S}t\'efan and {S}ch\"onberger, {J}ohannes {L}. and {Nunez-Iglesias}, {J}uan and {B}oulogne, {F}ran\c{c}ois and {W}arner, {J}oshua {D}. and {Y}ager, {N}eil and {G}ouillart, {E}mmanuelle and {Y}u, {T}ony and the scikit-image contributors},
  title    = {scikit-image: image processing in {P}ython},
  journal  = {PeerJ},
  year     = {2014},
  volume   = {2},
  pages    = {e453},
  month    = {6},
  issn     = {2167-8359},
  doi      = {10.7717/peerj.453},
  keywords = {Image processing, Reproducible research, Education, Visualization, Open source, Python, Scientific programming},
}

